@manual{Anleitung,
  author = {TU Dortmund},
  title = {Versuch Nr.41, Debeye-Scherrer-Aufnahmen},
  year = 2018
}

@online{metall,
  author = {Uni Kiel},
  title = {Ausgewählte Gitterkonstanen für verschiedene Metall-Strukturen},
  year = {2018},
  url = {https://www.tf.uni-kiel.de/matwis/amat/mw1_ge/kap_3/illustr/t3_1_1.html}
}

@book{Gross,
  author = {R. Gross, A.Marx},
  title = {Festkörperphysik},
  year = {2018},
}

@Misc{reference,
  author = {R. Muccillo und J.Rolfe},
  title = {Irradiation of Impurity-Vacancy Dipoles},
  note = {Eingesehen am 08.08.2018},
  url = {https://onlinelibrary.wiley.com/doi/pdf/10.1002/pssb.2220610223},
  year = 1974
}

@manual{numpy,
  title = {Python for Scientific Computing},
  author = {Travis E. Oliphant},
  edition = {1.8.1.},
  year = {2007},
  url = {https://link.aip.org/link/ßCSX/9/10/1}
}

@manual{scipy,
  title = {SciPy: Open Source scientific tools for python},
  author = {Eric Jones, Travis Oliphant, Pearu Peaterson},
  edition = {0.14.0.},
  url = {https://www.scipy.org}
}
